Record 1
LDR  00761cam  2200229 i 45  
005  19920401000000.0
008  800310s1979    nyua     b    00100 eng  
010       $a 78027224
020       $a 0306401029
035       $a 14500795-B
040       $d CBGTU
245  00   $a Mind/body integration : $b essential readings in biofeedback / $c edited by Erik Peper, Sonia Ancoli, and Michele Quinn.
260  0    $a New York : $b Plenum Press, $c c1979.
300       $a xx, 586 p. : $b ill. ; $c 26 cm.
500       $a GTU: NO LOCATION IN 1ST 920, IGNORE 2ND 920. NO 852 OUTPUT - REJECT (07/06).
650   0   $a Biofeedback training.
650   0   $a Psychotherapy.
650   0   $a Medicine, Psychosomatic.
700  10   $a Peper, Erik.
700  10   $a Ancoli, Sonia.
700  10   $a Quinn, Michele.
901       $a GTB $b 1150025

Record 2
