LDR  00579nam  2200181 i 45  
005  19920326000000.0
008  890609s1975    gw       b    00000 ger  
010       $a 75516418
020       $a 3791704222 :
035       $a 89-B3302
040       $d CBGTU
245  00   $a Aktualitèat der Scholastik? / $c mit Beitr. von H. M. Barth ... [et al.] ; hrsg. von Joseph Ratzinger.
260  0    $a Regensburg : $b Pustet, $c 1975.
300       $a 127 p. ; $c 21 cm.
500       $a GTU: RECORD HAS LOC "gts" ONLY - NO 852 CREATED, REJECT (07/06.
650   0   $a Scholasticism.
700  10   $a Ratzinger, Joseph.
901       $a GTB $b 1000003

Record 5
